%% This BibTeX bibliography file was created using BibDesk.
%% https://bibdesk.sourceforge.io/

%% Created for Mathieu Bourdenx at 2021-04-07 15:02:10 +0200 


%% Saved with string encoding Unicode (UTF-8) 



@article{Luk_2012,
	author = {Luk, K. C. and Kehm, V. and Carroll, J. and Zhang, B. and O'Brien, P. and Trojanowski, J. Q. and Lee, V. M.},
	date-added = {2021-04-07 15:00:40 +0200},
	date-modified = {2021-04-07 15:00:50 +0200},
	journal = {Science},
	month = {Nov},
	number = {6109},
	pages = {949--953},
	title = {{{P}athological α-synuclein transmission initiates {P}arkinson-like neurodegeneration in nontransgenic mice}},
	volume = {338},
	year = {2012}}

@article{Sporns_2018,
	author = {Sporns, O.},
	date-added = {2021-04-07 14:52:11 +0200},
	date-modified = {2021-04-07 14:52:23 +0200},
	journal = {Dialogues Clin Neurosci},
	month = {06},
	number = {2},
	pages = {111--121},
	title = {{{G}raph theory methods: applications in brain networks}},
	volume = {20},
	year = {2018}}

@article{Oh_2014,
	author = {Oh, S. W. and Harris, J. A. and Ng, L. and Winslow, B. and Cain, N. and Mihalas, S. and Wang, Q. and Lau, C. and Kuan, L. and Henry, A. M. and Mortrud, M. T. and Ouellette, B. and Nguyen, T. N. and Sorensen, S. A. and Slaughterbeck, C. R. and Wakeman, W. and Li, Y. and Feng, D. and Ho, A. and Nicholas, E. and Hirokawa, K. E. and Bohn, P. and Joines, K. M. and Peng, H. and Hawrylycz, M. J. and Phillips, J. W. and Hohmann, J. G. and Wohnoutka, P. and Gerfen, C. R. and Koch, C. and Bernard, A. and Dang, C. and Jones, A. R. and Zeng, H.},
	date-added = {2021-04-07 14:15:41 +0200},
	date-modified = {2021-04-07 15:02:09 +0200},
	journal = {Nature},
	month = {4},
	number = {7495},
	pages = {207--214},
	title = {{{A} mesoscale connectome of the mouse brain}},
	volume = {508},
	year = {2014}}

@article{Henderson_2019,
	author = {Henderson, M. X. and Cornblath, E. J. and Darwich, A. and Zhang, B. and Brown, H. and Gathagan, R. J. and Sandler, R. M. and Bassett, D. S. and Trojanowski, J. Q. and Lee, V. M. Y.},
	date-added = {2021-04-07 12:25:09 +0200},
	date-modified = {2021-04-07 12:25:19 +0200},
	journal = {Nat Neurosci},
	month = {08},
	number = {8},
	pages = {1248--1257},
	title = {{{S}pread of α-synuclein pathology through the brain connectome is modulated by selective vulnerability and predicted by network analysis}},
	volume = {22},
	year = {2019}}

@article{Mezias_2017_tau,
	author = {Mezias, C. and LoCastro, E. and Xia, C. and Raj, A.},
	date-added = {2021-04-07 12:20:11 +0200},
	date-modified = {2021-04-07 12:20:21 +0200},
	journal = {Acta Neuropathol Commun},
	month = {08},
	number = {1},
	pages = {61},
	title = {{{C}onnectivity, not region-intrinsic properties, predicts regional vulnerability to progressive tau pathology in mouse models of disease}},
	volume = {5},
	year = {2017}}

@article{Mezias_2017_abeta,
	author = {Mezias, C. and Raj, A.},
	date-added = {2021-04-07 12:19:36 +0200},
	date-modified = {2021-04-07 12:19:56 +0200},
	journal = {Front Neurol},
	pages = {653},
	title = {{{A}nalysis of {A}myloid-β {P}athology {S}pread in {M}ouse {M}odels {S}uggests {S}pread {I}s {D}riven by {S}patial {P}roximity, {N}ot {C}onnectivity}},
	volume = {8},
	year = {2017}}

@article{Raj_2012,
	author = {Raj, A. and Kuceyeski, A. and Weiner, M.},
	date-added = {2021-04-07 12:10:09 +0200},
	date-modified = {2021-04-07 12:10:20 +0200},
	journal = {Neuron},
	month = {3},
	number = {6},
	pages = {1204--1215},
	title = {{{A} network diffusion model of disease progression in dementia}},
	volume = {73},
	year = {2012}}

@article{Jucker_2018,
	author = {Jucker, M. and Walker, L. C.},
	date-added = {2021-04-07 12:05:05 +0200},
	date-modified = {2021-04-07 12:05:22 +0200},
	journal = {Nat Neurosci},
	month = {10},
	number = {10},
	pages = {1341--1349},
	title = {{{P}ropagation and spread of pathogenic protein assemblies in neurodegenerative diseases}},
	volume = {21},
	year = {2018}}

@article{Braak_2003,
	author = {Braak, H. and Del Tredici, K. and R{\"u}b, U. and de Vos, R. A. and Jansen Steur, E. N. and Braak, E.},
	date-added = {2021-04-07 12:02:18 +0200},
	date-modified = {2021-04-07 12:02:28 +0200},
	journal = {Neurobiol Aging},
	number = {2},
	pages = {197--211},
	title = {{{S}taging of brain pathology related to sporadic {P}arkinson's disease}},
	volume = {24},
	year = {2003}}

@article{Dehay_2015,
	author = {Dehay, B. and Bourdenx, M. and Gorry, P. and Przedborski, S. and Vila, M. and Hunot, S. and Singleton, A. and Olanow, C. W. and Merchant, K. M. and Bezard, E. and Petsko, G. A. and Meissner, W. G.},
	date-added = {2021-04-07 10:54:15 +0200},
	date-modified = {2021-04-07 12:06:22 +0200},
	journal = {Lancet Neurol},
	month = {8},
	number = {8},
	pages = {855--866},
	title = {{{T}argeting α-synuclein for treatment of {P}arkinson's disease: mechanistic and therapeutic considerations}},
	volume = {14},
	year = {2015}}
